<?xml version="1.0" encoding="utf-8"?>
<record xmlns="http://www.loc.gov/MARC21/slim" xmlns:xsi="http://www.w3.org/2001/XMLSchema-instance" xsi:schemaLocation="http://www.loc.gov/MARC21/slim http://www.loc.gov/standards/marcxml/schema/MARC21slim.xsd">
	<leader>     nam a22     Mi 4500</leader>
	<controlfield tag="001">b1276291x</controlfield>
	<controlfield tag="003">LeBAU</controlfield>
	<controlfield tag="006">m        d        </controlfield>
	<controlfield tag="007">cr cn |||m|||a</controlfield>
	<controlfield tag="008">180604s1925    ua bf   o     ||0 0 ara d</controlfield>
	<datafield ind1=" " ind2=" " tag="040">
		<subfield code="a">ZYU</subfield>
		<subfield code="b">ara</subfield>
		<subfield code="e">rda</subfield>
		<subfield code="c">ZYU</subfield>
	</datafield>
	<datafield ind1="0" ind2="4" tag="082">
		<subfield code="a">626.8</subfield>
		<subfield code="2">20</subfield>
	</datafield>
	<datafield ind1="1" ind2=" " tag="100">
		<subfield code="6">880-01</subfield>
		<subfield code="a">Dupuis, C. E.</subfield>
		<subfield code="q">(Charles Edward),</subfield>
		<subfield code="d">1864-</subfield>
		<subfield code="e">author.</subfield>
	</datafield>
	<datafield ind1="1" ind2="0" tag="245">
		<subfield code="6">880-02</subfield>
		<subfield code="a">Taqrīr ‘an ḥālat wa-a‘māl Maṣlaḥat al-Rayy al-Miṣrīyah :</subfield>
		<subfield code="b">ma‘a al-ishārah bi-ṣifah khāṣṣah ilá ‘alāqātihā bi-ghayrihā min al-maṣāliḥ al-Amīrīyah wa-ilá aḥsan barnāmaj li-tarqīyat shu’ūn al-quṭr al-zirā‘īyah /</subfield>
		<subfield code="c">waḍa‘ahu al-Mistir Dīpwī.</subfield>
	</datafield>
	<datafield ind1=" " ind2="1" tag="264">
		<subfield code="6">880-03</subfield>
		<subfield code="a">al-Qāhirah :</subfield>
		<subfield code="b">al-Maṭba‘ah al-Amīrīyah,</subfield>
		<subfield code="c">1925.</subfield>
	</datafield>
	<datafield ind1=" " ind2=" " tag="300">
		<subfield code="6">880-04</subfield>
		<subfield code="a">online resource (137 pages, 5 unnumbered leaves of plates, 4 leaves of plates) :</subfield>
		<subfield code="b">maps (chiefly folded, some color)</subfield>
	</datafield>
	<datafield ind1=" " ind2=" " tag="336">
		<subfield code="a">text</subfield>
		<subfield code="2">rdacontent</subfield>
	</datafield>
	<datafield ind1=" " ind2=" " tag="337">
		<subfield code="a">computer</subfield>
		<subfield code="2">rdamedia</subfield>
	</datafield>
	<datafield ind1=" " ind2=" " tag="338">
		<subfield code="a">online resource</subfield>
		<subfield code="2">rdacarrier</subfield>
	</datafield>
	<datafield ind1=" " ind2=" " tag="500">
		<subfield code="a">في رأس العنوان: وزارة الأشغال العمومية.</subfield>
	</datafield>
	<datafield ind1=" " ind2=" " tag="500">
		<subfield code="a">&quot;مايو 1922.&quot;</subfield>
	</datafield>
	<datafield ind1=" " ind2=" " tag="500">
		<subfield code="a">Part of the Arabic Collections Online (ACO) project, contributed by American University of Beirut's Jafet Memorial Library.</subfield>
	</datafield>
	<datafield ind1=" " ind2=" " tag="533">
		<subfield code="a">Electronic reproduction.</subfield>
		<subfield code="b">New York, N.Y. :</subfield>
		<subfield code="c">New York University,</subfield>
		<subfield code="d">2018.</subfield>
		<subfield code="5">NNU</subfield>
	</datafield>
	<datafield ind1="1" ind2="4" tag="610">
		<subfield code="a">مصر.</subfield>
		<subfield code="b">مصلحة الري.</subfield>
	</datafield>
	<datafield ind1="1" ind2="0" tag="610">
		<subfield code="a">Egypt.</subfield>
		<subfield code="b">Maṣlaḥat al-Rayy.</subfield>
	</datafield>
	<datafield ind1=" " ind2="4" tag="650">
		<subfield code="a">الري</subfield>
		<subfield code="z">مصر.</subfield>
	</datafield>
	<datafield ind1=" " ind2="0" tag="650">
		<subfield code="a">Irrigation</subfield>
		<subfield code="z">Egypt.</subfield>
	</datafield>
	<datafield ind1="1" ind2=" " tag="710">
		<subfield code="6">880-05</subfield>
		<subfield code="a">Egypt.</subfield>
		<subfield code="b">Wizārat al-Ashghāl al-ʻUmūmīyah,</subfield>
		<subfield code="e">issuing body.</subfield>
	</datafield>
	<datafield ind1="2" ind2=" " tag="710">
		<subfield code="a">Jafet Memorial Library.</subfield>
	</datafield>
	<datafield ind1="0" ind2=" " tag="730">
		<subfield code="a">Arabic Collections Online.</subfield>
	</datafield>
	<datafield ind1="0" ind2=" " tag="767">
		<subfield code="6">880-06</subfield>
		<subfield code="i">has language of expression</subfield>
		<subfield code="4">http://rdaregistry.info/Elements/e/P20006:</subfield>
		<subfield code="t">Report on the position and activities of the State service of irrigation in the Egyptian government : with special reference to the relations with other government services, and the most promising programms of work for the agricultural development of the country.</subfield>
		<subfield code="d">Cairo, Egypt : Government Press, 1925</subfield>
		<subfield code="w">(OCoLC)785132575</subfield>
		<subfield code="w">(OCoLC)785132575</subfield>
	</datafield>
	<datafield ind1="0" ind2="8" tag="776">
		<subfield code="i">Print version:</subfield>
		<subfield code="a">Dupuis, C. E. (Charles Edward), 1864- author.</subfield>
		<subfield code="t">Taqrīr ‘an ḥālat wa-a‘māl Maṣlaḥat al-Rayy al-Miṣrīyah</subfield>
		<subfield code="w">(LeBAU)b1276291x</subfield>
	</datafield>
	<datafield ind1="4" ind2="0" tag="856">
		<subfield code="u">http://hdl.handle.net/2333.1/bvq83jtz</subfield>
	</datafield>
	<datafield ind1="1" ind2=" " tag="880">
		<subfield code="6">100-01</subfield>
		<subfield code="a">ديبوي، ش. ا.</subfield>
		<subfield code="q">(تشارلز ادوارد)،</subfield>
		<subfield code="d">،1864-</subfield>
		<subfield code="e">مؤلف. </subfield>
		<subfield code="4">aut.</subfield>
	</datafield>
	<datafield ind1="1" ind2="0" tag="880">
		<subfield code="6">245-02</subfield>
		<subfield code="a">تقرير عن حالة وأعمال مصلحة الري المصرية :</subfield>
		<subfield code="b">مع الإشارة بصفة خاصة الى علاقاتها بغيرها من المصالح الأميرية والى أحسن برنامج لترقية شؤون القطر الزراعية /</subfield>
		<subfield code="c">وضعه المستر ديپوي.</subfield>
	</datafield>
	<datafield ind1=" " ind2="1" tag="880">
		<subfield code="6">264-03</subfield>
		<subfield code="a">القاهرة :</subfield>
		<subfield code="b">المطبعة الأميرية،</subfield>
		<subfield code="c">1925.</subfield>
	</datafield>
	<datafield ind1=" " ind2=" " tag="880">
		<subfield code="6">300-04</subfield>
		<subfield code="a">137 صفحة، 5 ورقات لوحات غير مرقمة، 4 ورقات لوحات :</subfield>
		<subfield code="b">خرائط (معظمها مطوي، بعضها ملون ) ؛</subfield>
		<subfield code="c">34 سم</subfield>
	</datafield>
	<datafield ind1="1" ind2=" " tag="880">
		<subfield code="6">710-05</subfield>
		<subfield code="a">مصر.</subfield>
		<subfield code="b">وزارة الأشغال العمومية،</subfield>
		<subfield code="e">هيئة إصدار. </subfield>
		<subfield code="4">isb.</subfield>
	</datafield>
	<datafield ind1="0" ind2=" " tag="880">
		<subfield code="6">767-06</subfield>
		<subfield code="i">لغة تعبيرة</subfield>
		<subfield code="4">http://rdaregistry.info/Elements/e/P20006:</subfield>
		<subfield code="t">Report on the position and activities of the State service of irrigation in the Egyptian government : with special reference to the relations with other government services, and the most promising programms of work for the agricultural development of the country.</subfield>
		<subfield code="d">Cairo, Egypt : Government Press, 1925</subfield>
		<subfield code="w">b10702210</subfield>
		<subfield code="w">(OCoLC)785132575</subfield>
	</datafield>
	<datafield ind1=" " ind2=" " tag="959">
		<subfield code="a">NNU</subfield>
		<subfield code="b">WEB</subfield>
		<subfield code="c">GENI</subfield>
		<subfield code="t">0</subfield>
		<subfield code="m">Electronic access</subfield>
		<subfield code="s">01</subfield>
	</datafield>
	<datafield ind1=" " ind2=" " tag="999">
		<subfield code="i">LeBAU_b1276291x</subfield>
		<subfield code="s">aub_aco002066</subfield>
		<subfield code="e">(ERROR-MISC)</subfield>
	</datafield>
</record>
